<?xml version="1.0" encoding="UTF-8"?><collection xmlns="http://www.loc.gov/MARC21/slim"><record><leader>00648nam--2200181-u-4500</leader><controlfield tag="001">000053269</controlfield><controlfield tag="002">20161230</controlfield><controlfield tag="005">20161230201051</controlfield><controlfield tag="008">110117s1000------------r-----000-0-fre-d</controlfield><datafield ind1=" " ind2=" " tag="040"><subfield code="a">IFIN-HH</subfield></datafield><datafield ind1=" " ind2=" " tag="041"><subfield code="a">fre</subfield></datafield><datafield ind1=" " ind2=" " tag="080"><subfield code="a">533.9.07(043)</subfield></datafield><datafield ind1="1" ind2=" " tag="100"><subfield code="a">Grando, Jean</subfield></datafield><datafield ind1="1" ind2="0" tag="245"><subfield code="a">Relations entre les caracteristiques deu plasma emissif d'une source d'ions a resonance cyclotronelectroniquen et les proprietes dufaisceau extrait dans une configuation a chambre d'expansion</subfield><subfield code="b">These</subfield><subfield code="c">Jean grando</subfield></datafield><datafield ind1=" " ind2=" " tag="260"><subfield code="a">Grenoble</subfield><subfield code="b">Universite Scientifique Et Medicale De Grenoble</subfield><subfield code="c">1976</subfield></datafield><datafield ind1=" " ind2=" " tag="300"><subfield code="a">155P</subfield></datafield><datafield ind1=" " ind2=" " tag="852"><subfield code="a">46440</subfield><subfield code="c">533.9</subfield></datafield><datafield ind1=" " ind2=" " tag="CAT"><subfield code="a">Sys</subfield><subfield code="c">20110117</subfield><subfield code="h">105150</subfield></datafield></record></collection>